@article{einstein1905,
  author    = {Albert Einstein},
  title     = {Zur Elektrodynamik bewegter K{\"o}rper},
  journal   = {Annalen der Physik},
  volume    = {322},
  number    = {10},
  pages     = {891--921},
  year      = {1905},
  DOI       = {https://doi.org/10.1002/andp.19053221004}
}

@book{knuth1984,
  author    = {Donald E. Knuth},
  title     = {The TeXbook},
  publisher = {Addison-Wesley Professional},
  year      = {1984}
}